


@misc{eic_yellow_report_v1_1,
    title={EIC Yellow Report v1.1},
    author={{R. Abdul Khalek, et. al}}, 
    url={http://www.eicug.org/web/sites/default/files/Yellow_Report_v1.1.pdf}, 
    note={\url{http://www.eicug.org/web/sites/default/files/Yellow_Report_v1.1.pdf}},
    note={Accessed: 5-7-2021},
    year={2021}
} 
@misc{sphenix_computing_plan_2019,
    title={{sPHENIX Computing Plan}},
    note={\url{https://indico.bnl.gov/event/6659/attachments/package}},
    note={Accessed: 5-7-2021},
    year={2019}
}

%http://www.eicug.org/web/content/yellow-report-initiative

