@misc{YellowReport,
      title="{Science Requirements and Detector Concepts for the Electron-Ion Collider: {EIC} Yellow Report}",
      author={R. Abdul Khalek et al},
      year={2021},
      eprint={2103.05419},
      archivePrefix={arXiv},
      primaryClass={physics.ins-det}
}


@article{cisbani2020ai,
  title={{AI-optimized detector design for the future Electron-Ion Collider: the dual-radiator RICH case}},
  author={Cisbani, E. and others},
  journal={Journal of Instrumentation},
  volume={15},
  number={05},
  pages={P05009},
  year={2020},
  doi={10.1088/1748-0221/15/05/P05009},
  publisher={IOP Publishing}
}

@misc{AI4EIC2021,
title = {{AI4EIC Workshop, Sep. 7-10, 2021}},
url = {https://indico.bnl.gov/event/10699},
organization = {AI4EIC Workshop 2021 (https://indico.bnl.gov/event/10699/)},
date = {2021-09-09},
urldate = {2022-03-25}
}

@misc{sphenix_computing_plan_2019,
    title={{sPHENIX Computing Plan}},
    author={sPHENIX Collaboration},
    note={\url{https://indico.bnl.gov/event/6659/attachments/package}},
    year={2019}
}



@article{CAMPORAPEREZ2016280,
    author = {D.H. {Campora Perez} and others},
    title = "{The 40MHz trigger-less DAQ for the LHCb Upgrade}",
    journal = {Nuclear Instruments and Methods in Physics Research Section A: Accelerators, Spectrometers, Detectors and Associated Equipment},
    volume = {824},
    pages = {280-283},
    year = {2016},
    issn = {0168-9002},
    doi = {https://doi.org/10.1016/j.nima.2015.10.047}
}



@article{Hydra2021,
	author = {{T. Britton} and {D. Lawrence} and {K. Rajput}},
	title = "{AI Enabled Data Quality Monitoring with Hydra}",
	DOI= "10.1051/epjconf/202125104010",
	journal = {EPJ Web Conf.},
	year = 2021,
	volume = 251,
	pages = "04010",
}



@article{gpu2021,
	title="{GPU co-processors as a service for deep learning inference in high energy physics}",
	volume={2},
	ISSN={2632-2153},
	DOI={10.1088/2632-2153/abec21},
	number={3},
	journal={Machine Learning: Science and Technology},
	publisher={IOP Publishing},
	author={Krupa, Jeffrey and others},
	year={2021},
	month={Apr},
	pages={035005}
}



@article{ALLISON2016186,
title = "{Recent developments in Geant4}",
journal = {Nuclear Instruments and Methods in Physics Research Section A: Accelerators, Spectrometers, Detectors and Associated Equipment},
volume = {835},
pages = {186-225},
year = {2016},
issn = {0168-9002},
doi = {10.1016/j.nima.2016.06.125},
author = {J. Allison and others}
}


@misc{semantic, title={Semantic versioning 2.0.0}, url={https://semver.org/}, journal={Semantic Versioning}, author={Preston-Werner, T.}, year=2021} 
 
@misc{cernvm, title={CERNVM-FS}, url={https://cernvm.cern.ch/fs/}, journal={CernVM File System}, year=2021} 
 
@misc{singularity, title={Singularity}, url={https://sylabs.io/singularity/}, journal={Sylabs.io},year=2021} 
 
@misc{fun4allGithub, title={Fun4All\_coresoftware}, url={https://github.com/eic/fun4all\_coresoftware}, journal={GitHub}, author="{EIC Software Community}", year=2021} 
 
 
@misc{pandaDocs,
    title={PanDA Job Submission},
    url={https://panda-wms.readthedocs.io/en/latest/}, author = "{PanDA Developers}", year=2021
    }
 
 @article{Ai:2021kzk,
    author = "Ai, X. and Mania, G. and Gray, H. M. and Kuhn, M. and Styles, N.",
    title = "{A GPU-Based Kalman Filter for Track Fitting}",
    primaryClass = "physics.ins-det",
    reportNumber = "DESY 21-058, DESY-21-058",
    doi = "10.1007/s41781-021-00065-z",
    journal = "Comput. Softw. Big Sci.",
    volume = "5",
    number = "1",
    pages = "20",
    year = "2021"
}



@article{Osborn:2021zlr,
    author = "Osborn, J. D. and others",
    title = "{Implementation of ACTS into sPHENIX Track Reconstruction}",
    primaryClass = "physics.ins-det",
    doi = "10.1007/s41781-021-00068-w",
    journal = "Comput. Softw. Big Sci.",
    volume = "5",
    number = "1",
    pages = "23",
    year = "2021"
}



@article{Ai:2021ghi,
    author = "Ai, X. and others",
    title = "{A Common Tracking Software Project, }",
    eprint = "2106.13593",
    year=2021,
    archivePrefix = "arXiv",
    primaryClass = "physics.ins-det",
 
}
 
 
 
  @article{Barisits:2019fyl,
    author = "Barisits, M. and others",
    title = "{Rucio - Scientific data management}",
    
    doi = "10.1007/s41781-019-0026-3",
    journal = "Comput. Softw. Big Sci.",
    volume = "3",
    number = "1",
    pages = "11",
    year = "2019"
}

@article{ jana2_chep19,
	author = {{Lawrence, D.} and {Boehnlein, A.} and {Brei, N.}},
	title = {JANA2 Framework for Event Based and Triggerless Data Processing},
	DOI= "10.1051/epjconf/202024501022",
	journal = {EPJ Web Conf.},
	year = 2020,
	volume = 245,
	pages = "01022",
}



 @INPROCEEDINGS{Gaudi,  author={Corti, G. and others},  booktitle={IEEE Symposium Conference Record Nuclear Science 2004.},   title="{Software for the LHCb experiment}",   year={2004},  volume={4},  number={},  pages={2048-2052 Vol. 4},  doi={10.1109/NSSMIC.2004.1462666}}


@article{BORGHI2017560,
title = "{Novel real-time alignment and calibration of the LHCb detector and its performance}",
journal = {Nuclear Instruments and Methods in Physics Research Section A: Accelerators, Spectrometers, Detectors and Associated Equipment},
volume = {845},
pages = {560-564},
year = {2017},
issn = {0168-9002},
doi = {10.1016/j.nima.2016.06.050},
author = {S. Borghi},
}

@misc{xROOTD,
    author = {XROOTD Developers},
    howpublished = {\url{https://github.com/xrootd/xrootd}},
    title = {XROOTD software repository},
    year = {2022}
}


@article{Sjostrand:2000wi,
      author         = "Sjostrand, T. and others",
      title          = "{High-energy physics event generation with PYTHIA 6.1}",
      journal        = "Comput.~Phys.~Commun.",
      volume         = "135",
      pages          = "238-259",
      doi            = "10.1016/S0010-4655(00)00236-8",
      year           = "2001",
  
      primaryClass   = "hep-ph",
      reportNumber   = "LU-TP-00-30",
      SLACcitation   = "%%CITATION = HEP-PH/0010017;%%",
}

@article{Sjostrand:2007gs,
    author = "Sjostrand, Torbjorn and Mrenna, Stephen and Skands, Peter Z.",
    title = "{A Brief Introduction to PYTHIA 8.1}",
    
    reportNumber = "CERN-LCGAPP-2007-04, LU-TP-07-28, FERMILAB-PUB-07-512-CD-T",
    doi = "10.1016/j.cpc.2008.01.036",
    journal = "Comput. Phys. Commun.",
    volume = "178",
    pages = "852--867",
    year = "2008"
}

@article{Toll:2013gda,
    author = "Toll, T. and Ullrich, T.",
    title = "{The dipole model Monte Carlo generator Sar$t$re 1}",
    doi = "10.1016/j.cpc.2014.03.010",
    journal = "Comput. Phys. Commun.",
    volume = "185",
    pages = "1835--1853",
    year = "2014"
}


@misc{eicsmear,
author = {Kauder, K. and Burton, T. and others},
title = "{EIC-Smear}",
url = {https://eic.github.io/software/eicsmear.html}, 
year=2021
}

@article{Jeske:2022nws,
    author = "Jeske, Torri and McSpadden, Diana and Kalra, Nikhil and Britton, Thomas and Jarvis, Naomi and Lawrence, David",
    title = "{AI for Experimental Controls at Jefferson Lab}",
    eprint = "2203.05999",
    archivePrefix = "arXiv",
    primaryClass = "physics.ins-det",
    month = "3",
    year = "2022"
}

@article{Dobbs:2001ck,
    author = "Dobbs, Matt and Hansen, Jorgen Beck",
    title = "{The HepMC C++ Monte Carlo event record for High Energy Physics}",
    reportNumber = "ATL-SOFT-2000-001",
    doi = "10.1016/S0010-4655(00)00189-2",
    journal = "Comput. Phys. Commun.",
    volume = "134",
    pages = "41--46",
    year = "2001"
}


@article{Agostinelli:2002hh,
      author         = "Agostinelli, S. and others",
      title          = "{GEANT4: A Simulation toolkit}",
      collaboration  = "GEANT4",
      journal        = "Nucl.~Instrum.~Meth.",
      volume         = "A506",
      pages          = "250-303",
      year           = 2003,
      doi            = "10.1016/S0168-9002(03)01368-8"
}




@article{nielsensLaw2019,
    title = "{Nielsen's Law of Internet Bandwidth}",
    url = {https://www.nngroup.com/articles/law-of-bandwidth/},
    author = {Jakob Nielsen},
    year = "2019"
}



@article{SHIERS2007219,
title = "{The Worldwide LHC Computing Grid (worldwide LCG)}",
journal = {Computer Physics Communications},
volume = {177},
number = {1},
pages = {219-223},
year = {2007},
issn = {0010-4655},
doi = {10.1016/j.cpc.2007.02.021},
author = {Jamie Shiers},

}



@article{WLCG_Tiers_website,
    title = "{The Grid: A system of tiers}",
    url = {https://home.cern/science/computing/grid-system-tiers},
    author = {},
}

@misc{ESNet,
    title={{ESNet}},
    url={https://www.es.net/},
    note={Accessed: 10-8-2021},
    year={2021}
}