%
% Single Place to put the note reference as we can 
% easily get them into same format.
%

%EXAMPLE
%
%misc{ecce-note-XXXX-2021-XX,
%   author="ABC and others",
%   collaboration="ECCE Consortium", 
%   year="2021",
%   note='ecce-note-XXXX-2021-XX"
%}

% DETECTOR PAPERS IN PROGRESS

@misc{ecce-paper-det-2022-02,
    author="{First Author and others}",
    collaboration="{ECCE Consortium}",
    title="{Design and Simulated Performance of Calorimetry Systems for the ECCE Detector at the Electron Ion Collider}",
    year="2022",
    note="to be published in Nucl. Instr. and Meth. A"
}    

@misc{ecce-paper-det-2022-03,
    author="{First Author and others}",
    collaboration="{ECCE Consortium}",
    title="{ECCE Tracking}",
    year="2022",
    note="to be published in Nucl. Instr. and Meth. A"
}    

% DETECTOR NOTES

% DETECTOR NOTES

@misc{ecce-note-det-2021-01,
    author="{ECCE Consortium}",
    collaboration="{ECCE Consortium}",
    title="{Notes on the use of the BaBar solenoid in ECCE}",
    year="2021",
    note="ecce-note-det-2021-01",
    url="https://www.ecce-eic.org/ecce-internal-notes"
}

@misc{ecce-note-det-2021-02,
    author="{ECCE Consortium}",
    collaboration="{ECCE Consortium}",
    title="{ECCE Calorimetry}",
    year="2021",
    note="ecce-note-det-2021-02",
    url="https://www.ecce-eic.org/ecce-internal-notes"
}

@misc{ecce-note-det-2021-03,
    author="{ECCE Consortium}",
    collaboration="{ECCE Consortium}",
    title="{ECCE Tracking}",
    year="2021",
    note="ecce-note-det-2021-03",
    url="https://www.ecce-eic.org/ecce-internal-notes"
}

@misc{ecce-note-det-2021-04,
    author="{ECCE Consortium}",
    collaboration="{ECCE Consortium}",
    title="{ECCE Particle Identification}",
    year="2021",
    note="ecce-note-det-2021-04",
    url="https://www.ecce-eic.org/ecce-internal-notes"
}

@misc{ecce-note-det-2021-05,
    author="{ECCE Consortium}",
    collaboration="{ECCE Consortium}",
    title="{ECCE Electronics and Readout/DAQ}",
    year="2021",
    note="ecce-note-det-2021-05",
    url="https://www.ecce-eic.org/ecce-internal-notes"
}

@misc{ecce-note-det-2021-06,
    author="{ECCE Consortium}",
    collaboration="{ECCE Consortium}",
    title="{ECCE Far Forward \& Far Backward Detectors}",
    year="2021",
    note="ecce-note-det-2021-06",
    url="https://www.ecce-eic.org/ecce-internal-notes"
}

@misc{ecce-note-det-2021-07,
    author="{ECCE Consortium}",
    collaboration="{ECCE Consortium}",
    title="{ECCE Cost and Schedule}",
    year="2021",
    note="ecce-note-det-2021-07",
    url="https://www.ecce-eic.org/ecce-internal-notes"
}

@misc{ecce-note-det-2021-08,
    author="{ECCE Consortium}",
    collaboration="{ECCE Consortium}",
    title="{Infrastructure Reuse for the ECCE Detector}",
    year="2021",
    note="ecce-note-det-2021-08",
    url="https://www.ecce-eic.org/ecce-internal-notes"
}

% PHYSICS NOTES
@misc{ecce-note-phys-2021-01,
    author="{ECCE Consortium}",
    collaboration="{ECCE Consortium}",
    title="{ECCE Jet Resolution}",
    year="2021",
    note="ecce-note-phys-2021-01",
    url="https://www.ecce-eic.org/ecce-internal-notes"
}

@misc{ecce-note-phys-2021-02,
    author="{ECCE Consortium}",
    collaboration="{ECCE Consortium}",
    title="{ECCE Diffractive and Tagging Processes}",
    year="2021",
    note="ecce-note-phys-2021-02",
    url="https://www.ecce-eic.org/ecce-internal-notes"
}


@misc{ecce-note-phys-2021-03,
    author="{ECCE Consortium}",
    collaboration="{ECCE Consortium}",
    title="{ECCE Exclusive Reactions}",
    year="2021",
    note="ecce-note-phys-2021-03",
    url="https://www.ecce-eic.org/ecce-internal-notes"
}

@misc{ecce-note-phys-2021-04,
    author="{ECCE Consortium}",
    collaboration="{ECCE Consortium}",
    title="{ECCE Open Heavy Flavor Nuclear Modification Factor}",
    year="2021",
    note="ecce-note-phys-2021-04",
    url="https://www.ecce-eic.org/ecce-internal-notes"
}

@misc{ecce-note-phys-2021-05,
    author="{ECCE Consortium}",
    collaboration="{ECCE Consortium}",
    title="{ECCE resolution studies of DIS and semi-inclusive DIS kinematic variables}",
    year="2021",
    note="ecce-note-phys-2021-05",
    url="https://www.ecce-eic.org/ecce-internal-notes"
}

@misc{ecce-note-phys-2021-06,
    author="{ECCE Consortium}",
    collaboration="{ECCE Consortium}",
    title="{ECCE sensitivity studies for single hadron transverse single spin asymmetry measurements from the proton}",
    year="2021",
    note="ecce-note-phys-2021-06",
    url="https://www.ecce-eic.org/ecce-internal-notes"
}

@misc{ecce-note-phys-2021-07,
    author="{ECCE Consortium}",
    collaboration="{ECCE Consortium}",
    title="{ECCE SIDIS unpolarized TMD measurements}",
    year="2021",
    note="ecce-note-phys-2021-07",
    url="https://www.ecce-eic.org/ecce-internal-notes"
}

@misc{ecce-note-phys-2021-08,
    author="{ECCE Consortium}",
    collaboration="{ECCE Consortium}",
    title="{Modification of the jet yield due to nuclear matter effects with ECCE}",
    year="2021",
    note="ecce-note-phys-2021-08",
    url="https://www.ecce-eic.org/ecce-internal-notes"
}

@misc{ecce-note-phys-2021-09,
    author="{ECCE Consortium}",
    collaboration="{ECCE Consortium}",
    title="{Inclusive reactions with ECCE}",
    year="2021",
    note="ecce-note-phys-2021-09",
    url="https://www.ecce-eic.org/ecce-internal-notes"
}

@misc{ecce-note-phys-2021-10,
    author="{ECCE Consortium}",
    collaboration="{ECCE Consortium}",
    title="{Jet Reconstruction in the Breit Frame using the Centauro Algorithm with the ECCE Detector}",
    year="2021",
    note="ecce-note-phys-2021-10",
    url="https://www.ecce-eic.org/ecce-internal-notes"
}

@misc{ecce-note-phys-2021-11,
    author="{ECCE Consortium}",
    collaboration="{ECCE Consortium}",
    title="{Evaluation of longitudinal double-spin asymmetry measurements in semi-inclusive deep-inelastic scattering from the proton for the ECCE design}",
    year="2021",
    note="ecce-note-phys-2021-11",
    url="https://www.ecce-eic.org/ecce-internal-notes"
}

@misc{ecce-note-phys-2021-12,
    author="{ECCE Consortium}",
    collaboration="{ECCE Consortium}",
    title="{ECCE Spectroscopy}",
    year="2021",
    note="ecce-note-phys-2021-12",
    url="https://www.ecce-eic.org/ecce-internal-notes"
}

@misc{ecce-note-phys-2021-13,
    author="{ECCE Consortium}",
    collaboration="{ECCE Consortium}",
    title="{ECCE Dihadron Azimuthal Correlations}",
    year="2021",
    note="ecce-note-phys-2021-13",
    url="https://www.ecce-eic.org/ecce-internal-notes"
}

@misc{ecce-note-phys-2021-14,
    author="{ECCE Consortium}",
    collaboration="{ECCE Consortium}",
    title="{Electroweak and BSM Physics with ECCE}",
    year="2021",
    note="ecce-note-phys-2021-14",
    url="https://www.ecce-eic.org/ecce-internal-notes"
}

@misc{ecce-note-phys-2021-15,
    author="{ECCE Consortium}",
    collaboration="{ECCE Consortium}",
    title="{Exclusive J/$\psi$ detection and physics with ECCE}",
    year="2021",
    note="ecce-note-phys-2021-15",
    url="https://www.ecce-eic.org/ecce-internal-notes"
}

@misc{ecce-note-phys-2021-16,
    author="{ECCE Consortium}",
    collaboration="{ECCE Consortium}",
    title="{3T vs. 1.4T comparison}",
    year="2021",
    note="ecce-note-phys-2021-16",
    url="https://www.ecce-eic.org/ecce-internal-notes"
}

% COMPUTER NOTES


@misc{ecce-note-comp-2021-01,
    author="{ECCE Consortium}",
    collaboration="{ECCE Consortium}",
    title="{ECCE Computing Plan}",
    year="2021",
    note="ecce-note-comp-2021-01",
    url="https://www.ecce-eic.org/ecce-internal-notes"
}

@misc{ecce-note-comp-2021-02,
    author="{ECCE Consortium}",
    collaboration="{ECCE Consortium}",
    title="{Selected topics in ECCE software and simulation}",
    year="2021",
    note="ecce-note-comp-2021-02",
    url="https://www.ecce-eic.org/ecce-internal-notes"
}

@misc{ecce-note-comp-2021-03,
   author = "{ECCE Consortium}",
   title = "{AI-assisted design of the ECCE detector: the ECCE Tracker Example}",
   note = {ecce-note-comp-2021-03},
   year = {2021},
   url = {https://www.ecce-eic.org/ecce-internal-notes} 
}
